<?xml version="1.0" encoding="UTF-8"?><collection xmlns="http://www.loc.gov/MARC21/slim"><record><leader>00409nam--2200145-i-4500</leader><controlfield tag="001">000035803</controlfield><controlfield tag="002">20161230</controlfield><controlfield tag="005">20161230201040</controlfield><controlfield tag="008">060222s1000------------r-----000-0-eng-d</controlfield><datafield ind1=" " ind2=" " tag="080"><subfield code="a">658.3</subfield></datafield><datafield ind1=" " ind2=" " tag="100"><subfield code="a">Oprisiu, Ina</subfield></datafield><datafield ind1=" " ind2=" " tag="245"><subfield code="a">Metode sociologice si psihologice de conducere</subfield></datafield><datafield ind1=" " ind2=" " tag="260"><subfield code="a">Bucuresti, Inst.Nat.De Inform.Si Docum., 1978, 47p</subfield></datafield><datafield ind1=" " ind2=" " tag="490"><subfield code="a">Colectia Probleme Ale Conducerii Moderne</subfield></datafield><datafield ind1=" " ind2=" " tag="852"><subfield code="a">45324</subfield></datafield></record></collection>